@article{heldens2022litstudy,
  title={litstudy: A Python package for literature reviews},
  author={Heldens, Stijn and Sclocco, Alessio and Dreuning, Henk and van Werkhoven, Ben and Hijma, Pieter and Maassen, Jason and van Nieuwpoort, Rob V},
  journal={SoftwareX},
  volume={20},
  pages={101207},
  year={2022},
  publisher={Elsevier}
}

@article{pandas,
  title={pandas: powerful Python data analysis toolkit},
  author={McKinney, Wes and others},
  journal={Python Software Foundation},
  year={2010}
}

@article{numpy,
  title={NumPy: A guide to NumPy},
  author={Oliphant, Travis E},
  journal={USA: Trelgol Publishing},
  year={2006}
}
